<record><leader>03584cam a2200409Ii 4500</leader><controlfield tag="001">6805688</controlfield><controlfield tag="003">OCoLC</controlfield><controlfield tag="005">20150130072222.2</controlfield><controlfield tag="008">150109t20152014nyua     b    001 0 eng d</controlfield><datafield ind1=" " ind2=" " tag="020"><subfield code="a">9781451624434</subfield><subfield code="q">(trade paperback)</subfield></datafield><datafield ind1=" " ind2=" " tag="020"><subfield code="a">1451624433</subfield><subfield code="q">(trade paperback)</subfield></datafield><datafield ind1=" " ind2=" " tag="035"><subfield code="a">ocn899745995</subfield></datafield><datafield ind1=" " ind2=" " tag="040"><subfield code="a">IH7</subfield><subfield code="b">eng</subfield><subfield code="e">rda</subfield><subfield code="c">IH7</subfield><subfield code="d">YDXCP</subfield><subfield code="d">OCLCQ</subfield><subfield code="d">AEU</subfield></datafield><datafield ind1=" " ind2="4" tag="050"><subfield code="a">QP751</subfield><subfield code="b">.T47 2015</subfield></datafield><datafield ind1="0" ind2="4" tag="082"><subfield code="a">613.2/84</subfield><subfield code="2">23</subfield></datafield><datafield ind1=" " ind2=" " tag="090"><subfield code="a">QP 751 T47 2015</subfield><subfield code="b">AVC</subfield></datafield><datafield ind1=" " ind2=" " tag="090"><subfield code="a">QP 751 T47 2015</subfield><subfield code="b">AEU</subfield></datafield><datafield ind1="1" ind2=" " tag="100"><subfield code="a">Teicholz, Nina,</subfield><subfield code="e">author.</subfield></datafield><datafield ind1="1" ind2="4" tag="245"><subfield code="a">The big fat surprise :</subfield><subfield code="b">why butter, meat, and cheese belong in a healthy diet /</subfield><subfield code="c">Nina Teicholz.</subfield></datafield><datafield ind1="3" ind2="0" tag="246"><subfield code="a">Why butter, meat, and cheese belong in a healthy diet</subfield></datafield><datafield ind1=" " ind2=" " tag="250"><subfield code="a">First Simon &amp; Schuster trade paperback edition.</subfield></datafield><datafield ind1=" " ind2="1" tag="264"><subfield code="a">New York :</subfield><subfield code="b">Simon &amp; Schuster Paperbacks,</subfield><subfield code="c">2015.</subfield></datafield><datafield ind1=" " ind2="4" tag="264"><subfield code="c">&#169;2014</subfield></datafield><datafield ind1=" " ind2=" " tag="300"><subfield code="a">xi, 481 pages :</subfield><subfield code="b">illustrations ;</subfield><subfield code="c">23 cm</subfield></datafield><datafield ind1=" " ind2=" " tag="336"><subfield code="a">text</subfield><subfield code="b">txt</subfield><subfield code="2">rdacontent</subfield></datafield><datafield ind1=" " ind2=" " tag="337"><subfield code="a">unmediated</subfield><subfield code="b">n</subfield><subfield code="2">rdamedia</subfield></datafield><datafield ind1=" " ind2=" " tag="338"><subfield code="a">volume</subfield><subfield code="b">nc</subfield><subfield code="2">rdacarrier</subfield></datafield><datafield ind1=" " ind2=" " tag="504"><subfield code="a">Includes bibliographical references (pages 409-458) and index.</subfield></datafield><datafield ind1="0" ind2="0" tag="505"><subfield code="t">The fat paradox: good health on a high-fat diet --</subfield><subfield code="t">Why we think saturated fat is unhealthy --</subfield><subfield code="t">The low-fat diet is introduced to America --</subfield><subfield code="t">The flawed science of saturated versus polyunsaturated fats --</subfield><subfield code="t">The low-fat diet goes to Washington --</subfield><subfield code="t">How women and children fare on a low-fat diet --</subfield><subfield code="t">Selling the Mediterranean diet: what is the science? --</subfield><subfield code="t">Exit saturated fats, enter trans fats --</subfield><subfield code="t">Exit trans fats, enter something worse? --</subfield><subfield code="t">Why saturated fat is good for you --</subfield><subfield code="t">Conclusion.</subfield></datafield><datafield ind1=" " ind2=" " tag="520"><subfield code="a">Investigative journalist Nina Teicholz reveals here that everything we thought we knew about dietary fat is wrong. She documents how the low-fat nutrition advice of the past sixty years has amounted to a vast uncontrolled experiment on the entire population, with disastrous consequences for our health. For decades, we have been told that the best possible diet involves cutting back on fat, especially saturated fat, and that if we are not getting healthier or thinner, we are not trying hard enough. But what if the low-fat diet is itself the problem? Based on a nine-year investigation, Teicholz shows how the misinformation about saturated fats took hold in the scientific community and the public imagination, and how recent findings have overturned these beliefs. She explains why the Mediterranean Diet is not the healthiest, and how we might be replacing trans fats with something even worse. She upends the conventional wisdom with the groundbreaking claim that more, not less, dietary fat--including saturated fat--is what leads to better health and wellness. Science shows that we have been needlessly avoiding meat, cheese, whole milk, and eggs for decades and that we can now, guilt-free, welcome these delicious foods back into our lives.--From publisher description.</subfield></datafield><datafield ind1=" " ind2=" " tag="520"><subfield code="a">Challenges popular misconceptions about fats and nutrition science, revealing the distorted claims of nutrition studies while arguing that more dietary fat can lead to better health, wellness, and fitness.</subfield></datafield><datafield ind1=" " ind2=" " tag="596"><subfield code="a">16 52</subfield></datafield><datafield ind1=" " ind2="0" tag="650"><subfield code="a">Lipids in human nutrition.</subfield></datafield><datafield ind1=" " ind2="0" tag="650"><subfield code="a">Saturated fatty acids in human nutrition.</subfield></datafield><datafield ind1=" " ind2=" " tag="949"><subfield code="a">QP 751 T47 2015</subfield><subfield code="w">LC</subfield><subfield code="h">LKLL-B</subfield><subfield code="i">38288001141297</subfield><subfield code="l">IN_PROCESS</subfield></datafield><datafield ind1=" " ind2=" " tag="926"><subfield code="a">QP 751 T47 2015</subfield><subfield code="w">LC</subfield><subfield code="c">1</subfield><subfield code="i">38288001141297</subfield><subfield code="d">4/23/2015</subfield><subfield code="e">3/26/2015</subfield><subfield code="f">4/23/2015</subfield><subfield code="g">1</subfield><subfield code="l">ON_SHELF</subfield><subfield code="m">LAKELND_LL</subfield><subfield code="n">1</subfield><subfield code="p">$150.00</subfield><subfield code="r">Y</subfield><subfield code="s">Y</subfield><subfield code="t">BOOK</subfield><subfield code="u">2/17/2015</subfield></datafield><datafield ind1=" " ind2=" " tag="926"><subfield code="a">QP 751 T47 2015</subfield><subfield code="w">LC</subfield><subfield code="c">1</subfield><subfield code="i">0162033666585</subfield><subfield code="d">1/16/2017</subfield><subfield code="e">11/21/2016</subfield><subfield code="l">ON_SHELF</subfield><subfield code="m">UAAUG</subfield><subfield code="n">6</subfield><subfield code="p">$150.00</subfield><subfield code="r">Y</subfield><subfield code="s">Y</subfield><subfield code="t">BOOK</subfield><subfield code="u">5/12/2015</subfield></datafield></record>